

@InProceedings{glueminisat,
  author = 	 {Hidetomo Nabeshima and Koji Iwanuma and Katsumi Inoue},
  title = 	 {GLUEMINISAT2.2.5},
  booktitle = {SAT 2011 solvers descriptions},
}

@inproceedings{AS-ijcai09,
 author = {G. Audemard and L. Simon},
 title = {Predicting Learnt Clauses Quality in Modern SAT Solvers},
 booktitle = {IJCAI},
 year = {2009},
}

@inproceedings{AKS-aaai10,
 author = {G. Audemard and G. Katsirelos and L. Simon},
 title = {A Restriction of Extended Resolution for Clause Learning SAT Solvers},
 booktitle = {proceedings of AAAI},
 year = 2010,
}

@inproceedings{predicting06,
  author    = {F.~Hutter and
               Y.~Hamadi and
               H.~Hoos and
               K.~Leyton-Brown},
  title     = {Performance Prediction and Automated Tuning of Randomized
               and Parametric Algorithms},
  booktitle = {proceedings of CP},
  year      = {2006},
  pages     = {213-228},
}


@inproceedings{huang,
  author    = {J.~Huang},
  title     = {The Effect of Restarts on the Efficiency of Clause Learning},
  booktitle = {proceedings of IJCAI},
  year      = {2007},
  pages     = {2318-2323},
}


@InBook{handbook,
  author = 	 {J.~Marques-Silva and I.~Lynce and S.~Malik},
  editor = 	 {A.~Biere, M.~Heule, H.~van Maaren, and T.~Walsh},
  title = 	 {Handbook of Satisfiability},
  chapter = 	 {4},
  year = 	 {2009},
}

@Article{gomes,
  author = 	 {C.~Gomes and B.~Selman and N.~Crato and H.~Kautz},
  title = 	 {Heavy-tailed phenomena in satisfiability and constraint satisfaction problems},
  journal = 	 {Journal of Automated Reasoning},
  year = 	 {2000},
  volume = 	 {24},
  pages = 	 {67-100},
}xb

@InProceedings{backdoor,
  author = 	 {R. Williams and C.~Gomes and B. Selman},
  title = 	 {Backdoors to typical case complexity},
  booktitle = {Proceedings of IJCAI'03},
  year = 	 {2003},
}

@InProceedings{saisjabbour2,
title = {A generalized Framework For Conflict Analysis},
booktitle = {proceedins of SAT},
pages = {21--27},
author = {G.~Audemard and L.~Bordeaux and Y.~Hamadi and S.~Jabbour and L.~Sais},
year = {2008},
}



@Misc{saisjabbour,
  author = 	 {S.~Jabbour and L.~Sais},
  title = 	 {personnal communication},
  month = 	 {February},
  year = 	 {2008},
}

@Article{picosat,
  author = 	 {A.~Biere},
  title = 	 {Pico{SAT} essentials},
  journal = 	 {Journal on Satisfiability},
  year = 	 {2008},
  volume = 	 {4},
  pages = 	 {75--97},
}

@INPROCEEDINGS{Zhang01efficientconflict,
    author = {L.~Zhang and C.~Madigan},
    title = {Efficient conflict driven learning in a boolean satisfiability solver},
    booktitle = {proceedings of ICCAD},
    year = {2001},
    pages = {279--285}
}

@inproceedings{biere08,
  author    = {A.~Biere},
  title     = {Adaptive Restart Strategies for Conflict Driven SAT Solvers},
  booktitle = {proceedings of SAT},
  year      = {2008},
  pages     = {28-33},
}

@inproceedings{strichman08,
  author    = {V.~Ryvchin and
               O.~Strichman},
  title     = {Local Restarts},
  booktitle = {proceedings of SAT},
  year      = {2008},
  pages     = {271-276},
}



@article{luby,
  author    = {M.~Luby and
               A.~Sinclair and
               D.~Zuckerman},
  title     = {Optimal Speedup of Las Vegas Algorithms},
  journal   = {Information  Processing Letters},
  volume    = {47},
  number    = {4},
  year      = {1993},
  pages     = {173-180},
}

@inproceedings{rsat,
  author    = {K.~Pipatsrisawat and
               A.~Darwiche},
  title     = {A Lightweight Component Caching Scheme for Satisfiability
               Solvers},
  booktitle = {SAT},
  year      = {2007},
  pages     = {294-299},
}


@Misc{blocking,
  author = 	 {R.~Nieuwenhuis and A.~Oliveras},
  title = 	 {Barcelogic for {SMT}},
}


@Misc{compet,
  author = 	 {D.~{Le Berre} and O.~Roussel and L.~Simon },
  title = 	 {{SAT} competition},
  year = 	 {2007},
  note = 	 {http://www.satcompetition.org/},
  OPTannote = 	 {}
}

@inproceedings{minisat,
  author    = {N.~E{\'e}n and
               N.~S{\"o}rensson},
  title     = {An Extensible {SAT}-solver},
  booktitle = {SAT},
  year      = {2003},
  pages     = {502-518},
}

@article{bmcbiere,
  author    = {M.~Prasad and
               A.~Biere and
               A.~Gupta},
  title     = {A survey of recent advances in {SAT}-based formal verification},
  journal   = {journal on Software Tools for Technology Transfer},
  volume    = {7},
  number    = {2},
  year      = {2005},
  pages     = {156-173},
  ee        = {http://dx.doi.org/10.1007/s10009-004-0183-4},
  bibsource = {DBLP, http://dblp.uni-trier.de}
}

@inproceedings{audemard08a,
  author    = {G. Audemard and
               L. Simon},
  title     = {Experimenting with Small Changes in Conflict-Driven Clause
               Learning Algorithms},
  booktitle = {CP},
  year      = {2008},
  pages     = {630-634},
  crossref  = {DBLP:conf/cp/2008},
}

@proceedings{DBLP:conf/cp/2008,
  editor    = {P.~Stuckey},
  title     = {Principles and Practice of Constraint Programming, 14th
               International Conference, CP 2008, Sydney, Australia, September
               14-18, 2008. Proceedings},
  booktitle = {CP},
  publisher = {Springer},
  series    = {Lecture Notes in Computer Science},
  volume    = {5202},
  year      = {2008},
  isbn      = {978-3-540-85957-4},
  bibsource = {DBLP, http://dblp.uni-trier.de}
}

@InProceedings{dubois01,
  author =       "O.~Dubois and G.~Dequen",
  title =        "A backbone-search heuristic for efficient solving of hard 3--SAT formulae",
  booktitle =    {Proceedings of IJCAI},
  year =         "2001",
  page = "248--253",
}


@inproceedings{leberre01,
  author = "D. LeBerre",
  title = "Exploiting the real power of unit propagation lookahead",
    booktitle = "Proceedings of SAT",
  year = "2001",
}

@InProceedings{Bacchus2002a,
  author = 	 {F. Bacchus},
  title = 	 {Enhancing Davis Putnam with Extended Binary Clause Reasoning},
  booktitle = 	 {proceedings of AAAI},
  pages = {613--619},
  year = 	 {2002},

}

@Unpublished{Stalmarck1994a,
  author = 	 {G. St{\aa}lmarck},
  title = 	 { A system for determining propositional logic theorem by applying values and rules to triplets that are generated from a formula},
  OPTnote = 	 {US Patent 5,276,897; Canadian Patent 2,018,828; European Patent 0 403 545; Swedish Patent 467 076},
  year = 	 {1994},
}

@Article{Haken1985a,
  author = 	 {A. Haken},
  title = 	 {The intractability of Resolution},
  journal = 	 {Theorical Computer Science},
  year = 	 {1985},
  volume = 	 {39},
  pages = 	 {297-308},
}


@Article{Tseitin1970,
  author = 	 {G. Tseitin},
  title = 	 {On the complexity of derivation in propositional calculus},
  journal = 	 {Studies in Constructive Mathematics and Mathematical Logic},
  year = 	 {1970},
  volume = 	 {2},
  pages = 	 {466-483},
}

@Book{compet05,
  editor = 	 {D. LeBerre and L. Simon},
  title = 	 {Special Volume on the SAT 2005 competitions and evaluations},
  publisher = 	 {Journal on Satisfiability, Boolean Modeling and Computation},
  year = 	 {2006},
  volume = 	 {2},
}

@InProceedings{Simon2001b,
  author = 	 {L. Simon and A. del Val},
  title = 	 {Efficient Consequence Finding},
  booktitle = 	 {proceedings of IJCAI},
  year = 	 {2001},
  pages = "359-365",
 }

@InProceedings{Dechter1994a,
  author = 	 {R. Dechter and I. Rish},
  title = 	 {Directional Resolution: the Davis-Putnam procedure, revisited},
  booktitle = 	 {proceedings of KR},
  year =         {1994},
  pages = 	 {134-145},
}


@InProceedings{zhang05b,
  author = 	 {L. Zhang},
  title = 	 {On subsumption removal and on the fly cnf simplification},
  booktitle = {proceedings of SAT},
  pages = 	 {482--489},
  year = 	 {2005},
  volume = 	 {3569},
  series = 	 {LNCS},
}

@InProceedings{gent03,
  author = 	 {I. Gent and H. Hoos and A. Rowley and K. Smyth},
  title = 	 {Using Stochastic Local Search to Solve Quantified Boolean Formulae},
  booktitle = 	 {Proc.of CP},
  pages = {348--362},
  year = 	 {2003},
}

@Article{richards00,
  author = 	 {E. Richards and B. Richards},
  title = 	 {Non-systematic search and no-good learning},
  journal = 	 {journal of automated reasoning},
  year = 	 {2000},
  volume = 	 {24},
  number = 	 {4},
  pages = 	 {483--533},
}

@Article{urquhart,
  author = 	 {A. Urquhart},
  title = 	 {Hard examples for resolution},
  journal = 	 {JACM},
  year = 	 {1987},
  volume = 	 {34},
  number = 	 {1},
  pages = 	 {209--219},
}


@inproceedings{zhang05,
  author    = {H.~Shen and
               H.~Zhang},
  title     = {Another Complete Local Search Method for SAT},
  booktitle = {proceedings of LPAR},
  year      = {2005},
  pages     = {595-605},
}


@InProceedings{mazure97,
  author = 	 {B. Mazure and L. Sais and E. Gregoire},
  title = 	 {Tabu Search for SAT},
  booktitle = {proceedings of AAAI},
  pages = 	 {281--285},
  year = 	 {97},
}

@inproceedings{biere05,
  author    = {N. E{\'e}n and
               A. Biere},
  title     = {Effective Preprocessing in {SAT} Through Variable and Clause
               Elimination},
  booktitle = {proceedings of SAT},
  year      = {2005},
  pages     = {61-75},
}


@InProceedings{moskewicz01,
  author = 	 {M. Moskewicz and C. Madigan and Y. Zhao and L. Zhang and S. Malik},
  title = 	 {Chaff : Engineering an efficient {SAT} solver},
  booktitle = 	 {DAC},
  pages = {530--535},
  year = 	 {2001},
}


@Article{robinson65,
  author = 	 {J. Robinson},
  title = 	 {A Machine-Oriented Logic Based on the Resolution Principle},
  journal = 	 {JACM},
  year = 	 {1965},
  volume = 	 {12},
  optnumber = 	 {1},
  pages = 	 {23--41}
}

@Article{Chvatal88,
  title =	 "Many Hard Examples for Resolution",
  author =	 "V. Chv{\'a}tal and E. Szemer{\'e}di",
  area =	 "Artificial Intelligence",
  pages =	 "759--768",
  journal =	 "Journal of the ACM",
  year =	 "1988",
  volume =	 "35",
}

@Article{Davis1960a,
  author = 	 {M. Davis and H. Putnam},
  title = 	 {A Computing Procedure for Quantification Theory},
  journal = 	 {Journal of the ACM},
  year = 	 {1960},
  pages = 	 {201-215},
}

@Article{Davis62,
  author =	 "M. Davis and G. Logemann and
                  D. Loveland",
  title =	 "A machine program for theorem-proving",
  journal =	 "Communications of the ACM",
  volume =	 "5",
  number =	 "7",
  pages =	 "394--397",
  month =	 jul,
  year =	 "1962",
}

@inproceedings{fang04,
  author = "H. Fang and W. Ruml",
  title = "Complete Local Search for Propositional Satisfiability",
  booktitle = "proceedings of AAAI",
  pages = {161--166},
  year = "2004",
}

@InProceedings{lynce06,
  author = 	 {S. Prestwich and I. Lynce},
  title = 	 {Local Search for Unsatisfiability},
  booktitle = {proceedings of  SAT},
  year = 	 {2006},
 note = 	 {to appear},
}


@Book{hoos04,
  author = 	 {H. Hoos and T. Stutzle},
  title = 	 {Stochastic Local Search, Foundations and Applications},
  publisher = 	 {Morgan Kaufmann / Elsevier},
  year = 	 2004
}


@Article{mazure98,
author = {B. Mazure and L. Sais and E. Gregoire},
title = {Boosting complete techniques thanks to local search},
journal = {Annals of Mathematics and Artificial Intelligence},
year = {1998},
pages = {309--322},
volume = {22}
}



@inproceedings{selman94,
	author = "B. Selman and  H. Levesque and D. Mitchell",
	title = "{A} {N}ew {M}ethod for {S}olving {H}ard {S}atisfiability {P}roblems",
	booktitle = "Proceedings of AAAI",
	pages = "440--446",
year = 1994
}

@InProceedings{selman97,
  author =       "B. Selman and H. Kautz and D. McAllester",
  title =        "Ten Challenges in Propositional Reasoning and Search",
  booktitle =    "proceedings of IJCAI",
  pages = "50--54",
  year =         1997,
}

